@article{febelfincdd,
  author   = {Febelfin},
  title    = {XML-bericht voor een Europese domiciliÃ«ringsopdracht},
  version  = {4.1b},
  series   = {Richtlijnen voor Core en Business to Business toepassing},
  year     = {2014},
  url      = {https://www.febelfin.be/sites/default/files/2019-04/standard-xml-sdd-initiation-_v4.1b-nl.pdf},
  keywords = {sepa,cdd}
}

@article{febelfincompany,
  author   = {Febelfin},
  title    = {Febelfin Standaarden voor internet bankieren},
  year     = {2019},
  url      = {https://febelfin.be/nl/dossiers/ben-je-ondernemer},
  keywords = {bank,entrepreneur,company}
}

@article{einstein,
  author   = {Albert Einstein},
  title    = {{Zur Elektrodynamik bewegter K{\"o}rper}. ({German})
    [{On} the electrodynamics of moving bodies]},
  journal  = {Annalen der Physik},
  volume   = {322},
  number   = {10},
  pages    = {891--921},
  year     = {1905},
  doi      = {http://dx.doi.org/10.1002/andp.19053221004},
  keywords = {physics}
}

@book{dirac,
  title     = {The Principles of Quantum Mechanics},
  author    = {Paul Adrien Maurice Dirac},
  isbn      = {9780198520115},
  series    = {International series of monographs on physics},
  year      = {1981},
  publisher = {Clarendon Press},
  keywords  = {physics}
}

@online{knuthwebsite,
  author   = {Donald Knuth},
  title    = {Knuth: Computers and Typesetting},
  url      = {http://www-cs-faculty.stanford.edu/~uno/abcde.html},
  addendum = {(accessed: 01.09.2016)},
  keywords = {latex,knuth}
}

@inbook{knuth-fa,
  author    = {Donald E. Knuth},
  title     = {Fundamental Algorithms},
  publisher = {Addison-Wesley},
  year      = {1973},
  chapter   = {1.2},
  keywords  = {knuth,programming}
}
